Automatically generated by Mendeley Desktop
BibTeX export options can be customized via Options -> BibTeX in Mendeley Desktop

@book{HerbertF:1965:Dune,
  title  = {{Dune}},
  author = {Herbert, Frank},
  isbn   = {978-044-10135-93},
  series = {Dune Chronicles, Book 1},
  pages  = {1--704},
  url    = {http://www.dunenovels.com/novel/dune},
  year   = {1965}
}

@book{HerbertF:1965:Messiah,
  title  = {{Dune} {Messiah}},
  year   = {1969},
  author = {Herbert, Frank},
  isbn   = {978-044-10156-10},
  series = {Dune Chronicles, Book 2},
  pages  = {1--288},
  url    = {http://www.dunenovels.com/novel/dune-messiah}
}

@book{Herbert:1981:Children-of-Dune,
  title  = {{Children} {of} {Dune}},
  year   = {1981},
  author = {Herbert, Frank},
  isbn   = {978-044-10159-00},
  series = {Dune Chronicles, Book 3},
  pages  = {1--416},
  url    = {http://www.dunenovels.com/novel/children-dune}
}

@book{HerbertF:1981:God-Emperor,
  title  = {{God} {Emperor} {of} {Dune}},
  year   = {1981},
  author = {Herbert, Frank},
  isbn   = {978-849-81549-79},
  series = {Dune Chronicles, Book 4},
  pages  = {1--400},
  url    = {http://www.dunenovels.com/novel/god-emperor-dune}
}

@book{HerbertF:1984:Heretics,
  title  = {{Heretics of Dune}},
  year   = {1984},
  author = {Herbert, Frank},
  isbn   = {978-044-10167-78},
  series = {Dune Chronicles, Book 5},
  pages  = {1--448},
  url    = {http://www.dunenovels.com/novel/heretics-dune}
}

@book{Herbert:1985:Chapterhouse,
  title     = {{Chapterhouse}: {Dune}},
  year      = {1985},
  author    = {Herbert, Frank},
  isbn      = {978-044-10172-18},
  series    = {Dune Chronicles, Book 6},
  pages     = {1--432},
  url       = {http://www.dunenovels.com/novel/chapterhouse-dune}
}

@book{HerbertB:1999:Atreides,
  title  = {{Dune}: {House} {Atreides}},
  year   = {1999},
  author = {Herbert, Brian and
            Anderson, Kevin J.},
  isbn   = {978-055-35802-73},
  series = {Prelude to Dune, Book 1},
  pages  = {1--681},
  url    = {http://www.dunenovels.com/novel/dune-house-atreides}
}

@book{HerbertB:2000:Harkonnen,
  title  = {{Dune}: {House} {Harkonnen}},
  year   = {1999},
  author = {Herbert, Brian and
            Anderson, Kevin J.},
  isbn   = {978-055-35803-03},
  series = {Prelude to Dune, Book 2},
  pages  = {1--752},
  url    = {http://www.dunenovels.com/novel/dune-house-harkonnen}
}

@book{HerbertB:2001:Corrino,
  title  = {{Dune}: {House} {Corrino}},
  year   = {2001},
  author = {Herbert, Brian and
            Anderson, Kevin J.},
  isbn   = {978-055-35803-34},
  series = {Prelude to Dune, Book 3},
  pages  = {1--688},
  url    = {http://www.dunenovels.com/novel/dune-house-corrino}
}

@book{HerbertB:2002:Butlerian-Jihad,
  title  = {{Dune}: {The} {Butlerian} {Jihad}},
  year   = {2002},
  author = {Herbert, Brian and
            Anderson, Kevin J.},
  isbn   = {978-076-53407-71},
  series = {Legends of Dune, Book 1},
  pages  = {1--704},
  url    = {http://www.dunenovels.com/novel/dune-butlerian-jihad}
}

@book{HerbertB:2003:Machine-Crusade,
  title  = {{Dune}: {The} {Machine} {Crusade}},
  year   = {2003},
  author = {Herbert, Brian and
            Anderson, Kevin J.},
  isbn   = {978-076-53407-88},
  series = {Legends of Dune, Book 2},
  pages  = {1--800},
  url    = {http://www.dunenovels.com/novel/dune-machine-crusade}
}

@book{HerbertB:2004:Battle-of-Corrin,
  title  = {{Dune}: {The} {Battle} {of} {Corrin}},
  year   = {2004},
  author = {Herbert, Brian and
            Anderson, Kevin J.},
  isbn   = {978-076-53407-95},
  series = {Legends of Dune, Book 3},
  pages  = {1--704},
  url    = {http://www.dunenovels.com/novel/dune-battle-corrin}
}

@book{HerbertF:2005:Road,
  title  = {{The} {Road} {to} {Dune}},
  year   = {2005},
  author = {Herbert, Frank and
            Herbert, Brian and
            Anderson, Kevin J.},
  isbn   = {978-076-53537-02},
  pages  = {1--464},
  url    = {http://www.dunenovels.com/novel/road-dune}
}


@book{HerbertB:2006:Hunters,
  title  = {{Hunters} {of} {Dune}},
  year   = {2006},
  author = {Herbert, Brian and
            Anderson, Kevin J.},
  isbn   = {978-0765-3514-87},
  pages  = {1--576},
  url    = {http://www.dunenovels.com/novel/hunters-dune}
}


@book{HerbertB:2007:Sandworms,
  title  = {{Sandworms} {of} {Dune}},
  year   = {2007},
  author = {Herbert, Brian and
            Anderson, Kevin J.},
  isbn   = {978-076-53514-94},
  pages  = {1--560},
  url    = {http://www.dunenovels.com/novel/sandworms-dune}
}

@book{HerbertB:2008:Paul,
  title  = {{Paul} {of} {Dune}},
  year   = {2008},
  author = {Herbert, Brian and
            Anderson, Kevin J.},
  isbn   = {978-076-53515-00},
  pages  = {1--624},
  url    = {http://www.dunenovels.com/novel/paul-dune}
}

@book{HerbertB:2009:Winds,
  title  = {{The} {Winds} {of} {Dune}},
  year   = {2009},
  author = {Herbert, Brian and
            Anderson, Kevin J.},
  isbn   = {978-076-53227-22},
  pages  = {1--448},
  url    = {http://www.dunenovels.com/novel/winds-dune}
}


@book{HerbertB:2012:Sisterhood,
  title  = {{Sisterhood} {of} {Dune}},
  year   = {2012},
  author = {Herbert, Brian and
            Anderson, Kevin J.},
  isbn   = {978-076-53227-39},
  series = {Schools of Dune, Book 1},
  pages  = {1--496},
  url    = {http://www.dunenovels.com/novel/sisterhood-dune}
}


@book{HerbertB:2014:Mentats,
  title  = {{Mentats} {of} {Dune}},
  year   = {2014},
  author = {Herbert, Brian and
            Anderson, Kevin J.},
  isbn   = {978-142-99497-67},
  series = {Schools of Dune, Book 2},
  pages  = {1--449},
  url    = {http://www.dunenovels.com/novel/mentats-dune}
}


@book{HerbertB:2016:Mentats,
  title  = {{Navigators} {of} {Dune}},
  year   = {2016},
  author = {Herbert, Brian and
            Anderson, Kevin J.},
  isbn   = {978-076-53812-55},
  series = {Schools of Dune, Book 3},
  pages  = {1--416},
  url    = {http://www.dunenovels.com/novel/navigators-dune}
}




